@misc{partners,
    author = {The MITRE Corporation},
    title = {List of Partners},
    howpublished = "\url{https://www.cve.org/PartnerInformation/ListofPartners}",
    year = {2024},
    note = "[Online; accessed June-2024]",
}

@misc{polyfill,
    author = {NVD},
    title = {CVE-2024-38526 Detail},
    howpublished = "\url{https://nvd.nist.gov/vuln/detail/CVE-2024-38526}",
    year = {2024},
    note = "[Online; accessed June-2024]",
}

@misc{NVD,
    author = {NVD},
    title = {NVD landing page},
    howpublished = "\url{https://nvd.nist.gov/}",
    year = {2024},
    note = "[Online; accessed February-2024]",
}


@misc{MITRE,
    author = {MITRE},
    title = {MITRE landing page},
    howpublished = "\url{https://cve.mitre.org/}",
    year = {2024},
    note = "[Online; accessed February-2024]",
}

@misc{CVE,
    author = {MITRE},
    title = {Common Vulnerabilities and Exposures — CVE® The Standard for
             Information Security Vulnerability Names},
    howpublished = "\url{https://cve.mitre.org/docs/cve-intro-handout.pdf}",
    year = {2024},
    note = "[Online; accessed July-2024]",
}

@misc{vector_string,
    author = {Qualys},
    title = {CVSS Vector Strings},
    howpublished = "\url{
                    https://qualysguard.qualys.com/qwebhelp/fo_portal/setup/cvss_vector_strings.htm
                    }",
    year = {2024},
    note = "[Online; accessed July-2024]",
}

@misc{CVSS,
    author = {FIRST},
    title = {CVSS landing page},
    howpublished = "\url{https://www.first.org/cvss/}",
    year = {2024},
    note = "[Online; accessed February-2024]",
}

@misc{CVSS_31,
    author = {FIRST},
    title = {Common Vulnerability Scoring System v3.1: Specification Document},
    howpublished = "\url{https://www.first.org/cvss/v3.1/specification-document}
                    ",
    year = {2024},
    note = "[Online; accessed February-2024]",
}

@misc{stack_exchange,
    author = {Anonymous},
    title = {cvss v3 and v3.1 missing temporal metrics exploit code maturity and
             remediation},
    howpublished = "\url{
                    https://security.stackexchange.com/questions/270257/cvss-v3-and-v3-1-missing-temporal-metrics-exploit-code-maturity-and-remediation
                    } ",
    year = {2024},
    note = "[Online; accessed July-2024]",
}

@misc{cisa,
    author = {CISA},
    title = {Known Exploited Vulnerabilities Catalog},
    howpublished = "\url{
                    https://www.cisa.gov/known-exploited-vulnerabilities-catalog
                    } ",
    year = {2024},
    note = "[Online; accessed June-2024]",
}

@misc{CNA,
    author = {MITRE},
    title = {CVE Numbering Authorities (CNAs)},
    howpublished = "\url{ https://www.cve.org/ProgramOrganization/CNAs } ",
    year = {2024},
    note = "[Online; accessed May-2024]",
}

@misc{JAGS,
    author = {Martyn Plummer},
    title = {JAGS: Just Another Gibbs Sampler},
    howpublished = "\url{https://sourceforge.net/projects/mcmc-jags/} ",
    year = {2024},
    note = "[Online; accessed April-2024]",
}

@misc{pyjags,
    author = {Tomasz Miasko, Michael Nowotny},
    title = { PyJAGS: The Python Interface to JAGS },
    howpublished = "\url{https://github.com/michaelnowotny/pyjags} ",
    year = {2024},
    note = "[Online; accessed April-2024]",
}

@article{bayes,
    author = {Johnson, Pontus and Lagerström, Robert and Ekstedt, Mathias and
              Franke, Ulrik},
    journal = {IEEE Transactions on Dependable and Secure Computing},
    title = {Can the Common Vulnerability Scoring System be Trusted? A Bayesian
             Analysis},
    year = {2018},
    volume = {15},
    number = {6},
    pages = {1002-1015},
    keywords = {Data security;Measurement;Bayes methods;Software
                security;Complexity
                theory;Authentication;Cybersecurity;Information security;Software
                vulnerability;CVSS;information security;cyber security},
    doi = {10.1109/TDSC.2016.2644614},
}

@article{ubiquitous,
    author = {Howland, Henry},
    title = {CVSS: Ubiquitous and Broken},
    year = {2022},
    issue_date = {March 2023},
    publisher = {Association for Computing Machinery},
    address = {New York, NY, USA},
    volume = {4},
    number = {1},
    url = {https://doi.org/10.1145/3491263},
    doi = {10.1145/3491263},
    abstract = {The Common Vulnerability Scoring System is at the core of
                vulnerability management for systems of private corporations to
                highly classified government networks, allowing organizations to
                prioritize remediation in descending order of risk. With a lack
                of justification for its underlying formula, inconsistencies in
                its specification document, and no correlation to exploited
                vulnerabilities in the wild, it is unable to provide a meaningful
                metric for describing a vulnerability’s severity, let alone risk.
                As it stands, this standard compromises the security of America’s
                most sensitive information systems.},
    journal = {Digital Threats},
    month = {feb},
    articleno = {1},
    numpages = {12},
    keywords = {Threat and vulnerability management, security standards, SCAP,
                CVSS, remediation prioritization},
}

@article{improving_cvss,
    title = {Towards improving CVSS},
    author = {Spring, Jonathan and Hatleback, Eric and Manion, A and Shic, D},
    journal = {SEI, CMU, Tech. Rep},
    year = {2018},
}
@article{time_to_change_cvss,
    author = {Spring, Jonathan and Hatleback, Eric and Householder, Allen and
              Manion, Art and Shick, Deana},
    journal = {IEEE Security \& Privacy},
    title = {Time to Change the CVSS?},
    year = {2021},
    volume = {19},
    number = {2},
    pages = {74-78},
    keywords = {Industries;Privacy;Data security;Government;NIST;Regulation},
    doi = {10.1109/MSEC.2020.3044475},
}



@article{costa,
    author = {Costa, Joana Cabral and Roxo, Tiago and Sequeiros, João B. F. and
              Proenca, Hugo and INÁCIO, Pedro R. M.},
    journal = {IEEE Access},
    title = {Predicting CVSS Metric via Description Interpretation},
    year = {2022},
    volume = {10},
    number = {},
    pages = {59125-59134},
    keywords = {Measurement;Predictive models;Bit error
                rate;Security;Vocabulary;Deep learning;Correlation;Common
                vulnerability scoring system;deep
                learning;interpretability;natural language processing;security},
    doi = {10.1109/ACCESS.2022.3179692},
}

@misc{distilbert,
    title = {DistilBERT, a distilled version of BERT: smaller, faster, cheaper
             and lighter},
    author = {Victor Sanh and Lysandre Debut and Julien Chaumond and Thomas Wolf
              },
    year = {2020},
    eprint = {1910.01108},
    archivePrefix = {arXiv},
    primaryClass = {cs.CL},
    url = {https://arxiv.org/abs/1910.01108},
}

@misc{BERT,
    title = {BERT: Pre-training of Deep Bidirectional Transformers for Language
             Understanding},
    author = {Jacob Devlin and Ming-Wei Chang and Kenton Lee and Kristina
              Toutanova},
    year = {2019},
    eprint = {1810.04805},
    archivePrefix = {arXiv},
    primaryClass = {cs.CL},
    url = {https://arxiv.org/abs/1810.04805},
}
@inproceedings{nvd_example1,
    title = {Automated generation of attack graphs using NVD},
    author = {Aksu, M Ugur and Bicakci, Kemal and Dilek, M Hadi and Ozbayoglu, A
              Murat and Tatli, E {\i}slam},
    booktitle = {Proceedings of the Eighth ACM Conference on Data and
                 Application Security and Privacy},
    pages = {135--142},
    year = {2018},
}

@inproceedings{nvd_example2,
    title = {A framework for modeling cyber attack techniques from security
             vulnerability descriptions},
    author = {Binyamini, Hodaya and Bitton, Ron and Inokuchi, Masaki and Yagyu,
              Tomohiko and Elovici, Yuval and Shabtai, Asaf},
    booktitle = {Proceedings of the 27th ACM SIGKDD conference on knowledge
                 discovery \& data mining},
    pages = {2574--2583},
    year = {2021},
}
